@article{linear_algebra_intro,
  author = {Author, A.},
  title = {Introduction to Linear Algebra},
  journal = {Journal of Mathematics},
  year = {2020},
  volume = {10},
  number = {1},
  pages = {1-10},
}

@book{linear_algebra_book,
  author = {Author, B.},
  title = {Linear Algebra: A Comprehensive Guide},
  publisher = {Math Publishers},
  year = {2019},
}

@article{linear_algebra_applications,
  author = {Author, C.},
  title = {Applications of Linear Algebra in Data Science},
  journal = {Data Science Journal},
  year = {2021},
  volume = {15},
  number = {2},
  pages = {20-30},
}